<record><leader>00000cas a22000007a 4500</leader><controlfield tag="001">13825577</controlfield><controlfield tag="008">860707d19361937njuwr ne      0    0eng d</controlfield><datafield ind1=" " ind2=" " tag="010"><subfield code="a">sn 86077186 </subfield></datafield><datafield ind1=" " ind2=" " tag="040"><subfield code="a">NPA</subfield><subfield code="b">eng</subfield><subfield code="c">NPA</subfield><subfield code="d">NJW</subfield><subfield code="d">OCL</subfield><subfield code="d">OCLCQ</subfield></datafield><datafield ind1=" " ind2=" " tag="042"><subfield code="a">msc</subfield></datafield><datafield ind1="0" ind2="4" tag="245"><subfield code="a">The Park observer and Spayth's weekly news.</subfield></datafield><datafield ind1="3" ind2="0" tag="246"><subfield code="a">Park observer</subfield></datafield><datafield ind1=" " ind2=" " tag="260"><subfield code="a">Highland Park, N.J. :</subfield><subfield code="b">Howard J. Voorhees</subfield></datafield><datafield ind1=" " ind2=" " tag="300"><subfield code="a">v. :</subfield><subfield code="b">ill. ;</subfield><subfield code="c">57 cm.</subfield></datafield><datafield ind1=" " ind2=" " tag="310"><subfield code="a">Weekly</subfield></datafield><datafield ind1="1" ind2=" " tag="362"><subfield code="a">Began in 1936.</subfield></datafield><datafield ind1="1" ind2=" " tag="362"><subfield code="a">Ceased in 1937.</subfield><subfield code="z">Cf. Wright, W.C. and Stellhorn, P.A. Direct. of N.J. newspapers.</subfield></datafield><datafield ind1=" " ind2=" " tag="500"><subfield code="a">Published by Observer Pub. Co., &lt;Sept. 24-Dec. 3, 1936&gt;.</subfield></datafield><datafield ind1=" " ind2=" " tag="500"><subfield code="a">Editors: Sidney S. Goldstein, 1936; Doris E. Hunt, 1936; Rodger C. Abraham, &lt;1936&gt;.</subfield></datafield><datafield ind1=" " ind2=" " tag="580"><subfield code="a">Continued by: South Plainfield weekly news-review. Cf. Wright, W.C. and Stellhorn, P.A. Direct. of N.J. newspapers.</subfield></datafield><datafield ind1=" " ind2=" " tag="588"><subfield code="a">Description based on: Vol. 3, no. 1 (Feb. 6, 1936).</subfield></datafield><datafield ind1=" " ind2=" " tag="752"><subfield code="a">United States</subfield><subfield code="b">New Jersey</subfield><subfield code="c">Middlesex</subfield><subfield code="d">Highland Park.</subfield></datafield><datafield ind1="0" ind2="0" tag="780"><subfield code="t">Park observer</subfield><subfield code="w">(DLC)sn 85035672</subfield></datafield><datafield ind1="1" ind2="0" tag="785"><subfield code="t">South Plainfield weekly news-review</subfield><subfield code="w">(DLC)sn 91064056</subfield><subfield code="w">(OCoLC)24510637</subfield></datafield><datafield ind1="1" ind2=" " tag="029"><subfield code="a">AU@</subfield><subfield code="b">000022774925</subfield></datafield></record>